<record><leader>00000cas a22000007a 4500</leader><controlfield tag="001">13453960</controlfield><controlfield tag="008">860418d1841184upauwr ne      0    0eng  </controlfield><datafield ind1=" " ind2=" " tag="010"><subfield code="a">sn 86071346 </subfield></datafield><datafield ind1=" " ind2=" " tag="040"><subfield code="a">DLC</subfield><subfield code="b">eng</subfield><subfield code="c">DLC</subfield><subfield code="d">NPX</subfield><subfield code="d">NPH</subfield><subfield code="d">OCLCQ</subfield></datafield><datafield ind1=" " ind2=" " tag="042"><subfield code="a">msc</subfield></datafield><datafield ind1="0" ind2="0" tag="050"><subfield code="a">Newspaper 9375-X</subfield></datafield><datafield ind1="0" ind2="0" tag="245"><subfield code="a">Westmoreland intelligencer and Greensburgh sentinel.</subfield></datafield><datafield ind1="1" ind2="3" tag="246"><subfield code="a">Westmoreland intelligencer &amp; sentinel</subfield></datafield><datafield ind1="1" ind2="7" tag="246"><subfield code="a">Intelligencer &amp; sentinel</subfield></datafield><datafield ind1=" " ind2=" " tag="260"><subfield code="a">Greensburg, Pa. :</subfield><subfield code="b">John Armstrong</subfield></datafield><datafield ind1=" " ind2=" " tag="300"><subfield code="a">v. ;</subfield><subfield code="c">61 cm.</subfield></datafield><datafield ind1=" " ind2=" " tag="310"><subfield code="a">Weekly</subfield></datafield><datafield ind1="1" ind2=" " tag="362"><subfield code="a">Began in 1841?</subfield></datafield><datafield ind1=" " ind2=" " tag="500"><subfield code="a">Publishers: John Armstrong, &lt;1844&gt;; James &amp; Robert Armstrong, &lt;1844&gt;.</subfield></datafield><datafield ind1=" " ind2=" " tag="500"><subfield code="a">"Whig," &lt;1844&gt;.</subfield></datafield><datafield ind1=" " ind2=" " tag="588"><subfield code="a">Description based on: Jan. 26, 1844.</subfield></datafield><datafield ind1=" " ind2=" " tag="752"><subfield code="a">United States</subfield><subfield code="b">Pennsylvania</subfield><subfield code="c">Westmoreland</subfield><subfield code="d">Greensburg.</subfield></datafield><datafield ind1="0" ind2="4" tag="780"><subfield code="t">Westmoreland intelligencer (Greensburg, Pa. : 1837)</subfield><subfield code="w">(DLC)sn 87080335</subfield></datafield><datafield ind1="0" ind2="4" tag="780"><subfield code="t">Greensburgh sentinel</subfield><subfield code="w">(DLC)sn 86071345</subfield></datafield><datafield ind1="0" ind2="0" tag="785"><subfield code="t">Westmoreland intelligencer and sentinel</subfield></datafield><datafield ind1="1" ind2=" " tag="029"><subfield code="a">AU@</subfield><subfield code="b">000025783972</subfield></datafield></record>